@article{survey,
 author = {Yilmaz, Alper and Javed, Omar and Shah, Mubarak},
 title = {Object Tracking: A Survey},
 journal = {ACM Comput. Surv.},
 issue_date = {2006},
 volume = {38},
 number = {4},
 month = dec,
 year = {2006},
 issn = {0360-0300},
 articleno = {13},
 url = {http://doi.acm.org/10.1145/1177352.1177355},
 doi = {10.1145/1177352.1177355},
 acmid = {1177355},
 publisher = {ACM},
 address = {New York, NY, USA},
 keywords = {Appearance models, contour evolution, feature selection, object detection, object representation, point tracking, shape tracking},
} 
@article {MIL,
	title = {Visual Tracking with Online Multiple Instance Learning},
	journal = {IEEE Transactions on Pattern Analysis and Machine Intelligence (PAMI)},
	year = {2011},
	month = {August},
	URL = {http://vision.ucsd.edu/~bbabenko/project_miltrack.shtml},
	author = {Boris Babenko and Ming-Hsuan Yang and Serge Belongie}
}

@INPROCEEDINGS{kernel, 
author={Hare, S. and Saffari, A. and Torr, P.H.S.}, 
booktitle={Computer Vision (ICCV), 2011 IEEE International Conference on}, 
title={Struck: Structured output tracking with kernels}, 
year={2011}, 
month={Nov}, 
pages={263-270}, 
keywords={computer vision;image classification;learning (artificial intelligence);object tracking;pose estimation;support vector machines;adaptive tracking-by-detection method;adaptive visual object tracking;arbitrary object tracking;classification task;computer vision;intermediate classification step;kernelized structured output support vector machine;object position estimation;online learning technique;real-time application;state-of-the-art tracker;structured output prediction;structured output tracking;Kernel;Labeling;Robustness;Support vector machines;Target tracking;Training}, 
doi={10.1109/ICCV.2011.6126251}, 
ISSN={1550-5499},}

@article{TLD,
 author = {Kalal, Zdenek and Mikolajczyk, Krystian and Matas, Jiri},
 title = {Tracking-Learning-Detection},
 journal = {IEEE Trans. Pattern Anal. Mach. Intell.},
 issue_date = {July 2012},
 volume = {34},
 number = {7},
 month = jul,
 year = {2012},
 issn = {0162-8828},
 pages = {1409--1422},
 numpages = {14},
 url = {http://dx.doi.org/10.1109/TPAMI.2011.239},
 doi = {10.1109/TPAMI.2011.239},
 acmid = {2225082},
 publisher = {IEEE Computer Society},
 address = {Washington, DC, USA},
 keywords = {Long-term tracking, learning from video, bootstrapping, real time, semi-supervised learning.},
} 